<?xml version="1.0" encoding="UTF-8"?><collection xmlns="http://www.loc.gov/MARC21/slim"><record><leader>00613nam--2200133-i-4500</leader><controlfield tag="001">000009596</controlfield><controlfield tag="002">20161230</controlfield><controlfield tag="005">20161230201028</controlfield><controlfield tag="008">060222s1000------------r-----000-0-eng-d</controlfield><datafield ind1=" " ind2=" " tag="245"><subfield code="a">Ceramic microstructures. their analysis, signi ficance &amp; production. proceedings of the third international materials symposium  ceramic mic rostructures-their analysis, significance and production , held at the university of califor nia, berkeley, jun</subfield></datafield><datafield ind1=" " ind2=" " tag="260"><subfield code="a">New York, John Wiley &amp; Sons, Inc., 1968</subfield></datafield><datafield ind1=" " ind2=" " tag="490"><subfield code="a">Inorganic Materials Research Division Series</subfield></datafield><datafield ind1=" " ind2=" " tag="700"><subfield code="a">Fulrath, Richard M.And Pask, Joseph A</subfield></datafield><datafield ind1=" " ind2=" " tag="852"><subfield code="a">666.3/7</subfield></datafield></record></collection>